<?xml version="1.0" encoding="UTF-8"?>
<collection xmlns:xsi="http://www.w3.org/2001/XMLSchema-instance" xsi:schemaLocation="http://www.loc.gov/MARC21/slim http://www.loc.gov/standards/marcxml/schema/MARC21slim.xsd" xmlns="http://www.loc.gov/MARC21/slim">
<record>
  <leader>01283cam a2200289   4500</leader>
  <controlfield tag="001">588461</controlfield>
  <controlfield tag="003">NNC</controlfield>
  <controlfield tag="005">20130423141211.0</controlfield>
  <controlfield tag="008">920824s1950    ua h          000 0 ara  </controlfield>
  <datafield tag="010" ind1=" " ind2=" ">
    <subfield code="a">ne 65000993 </subfield>
  </datafield>
  <datafield tag="035" ind1=" " ind2=" ">
    <subfield code="a">(OCoLC)ocm26472167</subfield>
  </datafield>
  <datafield tag="035" ind1=" " ind2=" ">
    <subfield code="a">(CStRLIN)NYCG87-B68106</subfield>
  </datafield>
  <datafield tag="035" ind1=" " ind2=" ">
    <subfield code="9">ACP2586CU</subfield>
  </datafield>
  <datafield tag="035" ind1=" " ind2=" ">
    <subfield code="a">(NNC)588461</subfield>
  </datafield>
  <datafield tag="040" ind1=" " ind2=" ">
    <subfield code="a">DLC</subfield>
    <subfield code="c">AZU</subfield>
    <subfield code="d">AZU</subfield>
    <subfield code="d">NNC</subfield>
  </datafield>
  <datafield tag="050" ind1=" " ind2="4">
    <subfield code="a">BP155</subfield>
    <subfield code="b">.I29</subfield>
  </datafield>
  <datafield tag="100" ind1="1" ind2=" ">
    <subfield code="a">Ibn Taymīyah, ʻAbd al-Salām ibn ʻAbd Allāh,</subfield>
    <subfield code="d">1193 or 1194-1254 or 1255.</subfield>
  </datafield>
  <datafield tag="245" ind1="1" ind2="3">
    <subfield code="a">al-Muḥarrar fī al-fiqh ʻalá madhhab al-Imām Aḥmad ibn Ḥanbal /</subfield>
    <subfield code="c">taʹlif Majd al-Dīn Abī al-Barakāt ; wa-maʻahu al-Nukat wa-al-fawāʹid al-sanīyah ʻalá mushkil al-muḥarrir li-Majd al-Dīn ibn Taymīyah ; taʹlīf Shams al-Dīn ibn Mufliḥ al-Ḥanbalī al-Maqdisī.</subfield>
  </datafield>
  <datafield tag="260" ind1=" " ind2=" ">
    <subfield code="a">[al-Qāhirah] :</subfield>
    <subfield code="b">Maṭbaʻat al-Sunnah al-Muḥammadīyah,</subfield>
    <subfield code="c">1950</subfield>
  </datafield>
  <datafield tag="300" ind1=" " ind2=" ">
    <subfield code="a">2 v. :</subfield>
    <subfield code="b">facsims. ;</subfield>
    <subfield code="c">25 cm.</subfield>
  </datafield>
  <datafield tag="500" ind1=" " ind2=" ">
    <subfield code="a">In Arabic.</subfield>
  </datafield>
  <datafield tag="500" ind1=" " ind2=" ">
    <subfield code="a">On cover: "Bi-taḥqīq Muḥammad Ḥāmid al-Fiqī."</subfield>
  </datafield>
  <datafield tag="650" ind1=" " ind2="0">
    <subfield code="a">Islamic law</subfield>
    <subfield code="v">Early works to 1800.</subfield>
  </datafield>
  <datafield tag="650" ind1=" " ind2="0">
    <subfield code="a">Hanbalites</subfield>
    <subfield code="v">Early works to 1800.</subfield>
  </datafield>
  <datafield tag="700" ind1="1" ind2=" ">
    <subfield code="a">Fiqī, Muḥammad Ḥāmid.</subfield>
  </datafield>
  <datafield tag="700" ind1="1" ind2=" ">
    <subfield code="a">Ibn Mufliḥ al-Maqdisī, Muḥammad,</subfield>
    <subfield code="d">-1362.</subfield>
    <subfield code="t">Nukat wa-al-fawāʹid al-sanīyah.</subfield>
    <subfield code="f">1980.</subfield>
  </datafield>
  <datafield tag="955" ind1=" " ind2=" ">
    <subfield code="b">CU01841831</subfield>
    <subfield code="d">off,glx</subfield>
    <subfield code="e">BP155 .I19</subfield>
    <subfield code="v">v.1</subfield>
  </datafield>
</record>
</collection>